@article{einstein,
    author =       "Albert Einstein",
    title =        "{Zur Elektrodynamik bewegter K{\"o}rper}. ({German})
        [{On} the electrodynamics of moving bodies]",
    journal =      "Annalen der Physik",
    volume =       "322",
    number =       "10",
    pages =        "891--921",
    year =         "1905",
    DOI =          "http://dx.doi.org/10.1002/andp.19053221004"
}

@article{einstein2,
    author =       "Albert Einstein",
    title =        "{Zur Elektrodynamik bewegter K{\"o}rper}. ({German})
        [{On} the electrodynamics of moving bodies]",
    journal =      "Annalen der Physik",
    volume =       "322",
    number =       "10",
    pages =        "891--921",
    year =         "1905",
    DOI =          "http://dx.doi.org/10.1002/andp.19053221004"
}


@article{einstein3,
    author =       "Albert Einstein",
    title =        "{Zur Elektrodynamik bewegter K{\"o}rper}. ({German})
        [{On} the electrodynamics of moving bodies]",
    journal =      "Annalen der Physik",
    volume =       "322",
    number =       "10",
    pages =        "891--921",
    year =         "1905",
    DOI =          "http://dx.doi.org/10.1002/andp.19053221004"
}



@book{latexcompanion,
    author    = "Michel Goossens and Frank Mittelbach and Alexander Samarin",
    title     = "The \LaTeX\ Companion",
    year      = "1993",
    publisher = "Addison-Wesley",
    address   = "Reading, Massachusetts"
}

@misc{knuthwebsite,
    author    = "Donald Knuth",
    title     = "Knuth: Computers and Typesetting",
    url       = "http://www-cs-faculty.stanford.edu/\~{}uno/abcde.html"
}

@article{muon_tdr,
    author = "Hebbeker, Thomas and Korytov, Andrey",
    collaboration = "CMS",
    title = "{The Phase-2 Upgrade of the CMS Muon Detectors}",
    reportNumber = "CERN-LHCC-2017-012, CMS-TDR-016",
    month = "9",
    year = "2017"
}

@article{l1_tdr,
    author = "Zabi, Alexandre and Berryhill, Jeffrey Wayne and Perez, Emmanuelle and Tapper, Alexander D.",
    collaboration = "CMS",
    title = "{The Phase-2 Upgrade of the CMS Level-1 Trigger}",
    reportNumber = "CERN-LHCC-2020-004, CMS-TDR-021",
    year = "2020"
}

@article{serenity,
    author = "Rose, Andrew and others",
    title = "{Serenity: An ATCA prototyping platform for CMS Phase-2}",
    reportNumber = "CMS-CR-2018-327",
    doi = "10.22323/1.343.0115",
    journal = "PoS",
    volume = "TWEPP2018",
    pages = "115",
    year = "2019"
}

@INPROCEEDINGS{petiroc,
  author={Fleury, J. and Callier, S. and de La Taille, C. and Seguin, N. and Thienpont, D. and Dulucq, F. and Ahmad, S. and Martin, G.},
  booktitle={2013 IEEE Nuclear Science Symposium and Medical Imaging Conference (2013 NSS/MIC)}, 
  title={Petiroc, a new front-end ASIC for time of flight application}, 
  year={2013},
  volume={},
  number={},
  pages={1-5},
  doi={10.1109/NSSMIC.2013.6829018}}